%% LaTeX2e file `references.bib'
%% generated by the `filecontents' environment
%% from source `bericht' on 2020/04/06.
%%
 
@article{visualScale,
 author = {Martínez-Velasco, María and Vázquez-Herrera, Norma and Maddy, Austin and Asz-Sigall, Daniel and Tosti, Antonella},
 year = {2017},
 month = {02},
 pages = {},
 title = {The Hair Shedding Visual Scale: A Quick Tool to Assess Hair Loss in Women},
 volume = {7},
 journal = {Dermatology and Therapy},
 doi = {10.1007/s13555-017-0171-8}
}

@inproceedings{GreenScreenHair,
 author = {Legendre, Chloe and Krissman, David and Debevec, Paul},
 year = {2017},
 month = {07},
 pages = {1-2},
 title = {Improved chromakey of hair strands via orientation filter convolution},
 isbn = {978-1-4503-5015-0},
 doi = {10.1145/3102163.3102200}
}
@article{seasoalShedding,
 
 author = {Hsiang, E.Y. and Semenov, Yevgeniy and Aguh, Crystal and Kwatra, S.G.},
 year = {2017},
 month = {10},
 pages = {},
 title = {Seasonality of hair loss: a time series analysis of Google Trends data 2004 to 2016},
 volume = {178},
 journal = {British Journal of Dermatology},
 doi = {10.1111/bjd.16075}
}

@inbook{chemicalAlopecia,
 author = {Maibach, Howard and Yamaguchi, Ian},
 year = {2012},
 month = {01},
 pages = {1935-1942},
 title = {Chemically Induced Hair Loss/Alopecia},
 isbn = {978-3-642-02034-6},
 journal = {Kanerva's Occupational Dermatology, Second Edition},
 doi = {10.1007/978-3-642-02035-3_205}
}

@article{ironDeficiency,
 author = {Trost, Leonid and Bergfeld, Wilma and Calogeras, Ellen},
 year = {2006},
 month = {06},
 pages = {824-44},
 title = {The diagnosis and treatment of iron deficiency and its potential relationship to hair loss},
 volume = {54},
 journal = {Journal of the American Academy of Dermatology},
 doi = {10.1016/j.jaad.2005.11.1104}
}

https://matplotlib.org/
https://numpy.org/

